%% This BibLaTeX bibliography file was created using Zotero.
%% https://www.zotero.org/

@incollection{singer2015,
	Author = {Singer, Robert and Ra{\ss}, Stefan},
	Booktitle = {S-BPM in the Wild},
	Pages = {187-199},
	Publisher = {Springer},
	Title = {{Embodying Business Rules in S-BPM}},
	Year = {2015}}

@article{gruhn2007,
	Author = {Gruhn, Volker and Laue, Ralf},
	Journal = {Science of Computer Programming},
	Number = {1},
	Pages = {4--13},
	Title = {What business process modelers can learn from programmers},
	Volume = {65},
	Year = {2007}}

@article{Brand:1983vx,
	Author = {Brand, D and Zafiropulo, P},
	Journal = {Journal of the Association for Computer Machinery},
	Number = {2},
	Pages = {323--342},
	Title = {{On Communicating Finite-state Machines}},
	Volume = {30},
	Year = {1983}}

@inproceedings{Singer:2016hl,
	Author = {Singer, Robert},
	Booktitle = {Proceedings of the 8th International Conference on Subject-Oriented Business Process Management},
	Doi = {10.1145/2882879.2882880},
	Location = {Erlangen, Germany},
	Numpages = {10},
	Publisher = {ACM},
	Series = {S-BPM ONE '16},
	Title = {{Agent-Based Business Process Modeling and Execution: Steps Towards a Compiler-Virtual Machine Architecture}},
	Year = {2015}}

@book{Weske:2012ul,
	Author = {Weske, Mathias},
	Edition = {2},
	Publisher = {Springer},
	Title = {{Business Process Management: Concepts, Languages, Architectures}},
	Year = {2012}}